<record><leader>00000cas a2200000 a 4500</leader><controlfield tag="001">10129975</controlfield><controlfield tag="008">831115d19uu200uilucr ne      0   a0eng c</controlfield><datafield ind1=" " ind2=" " tag="010"><subfield code="a">sn 83003538 </subfield></datafield><datafield ind1=" " ind2=" " tag="040"><subfield code="a">NSD</subfield><subfield code="b">eng</subfield><subfield code="c">NSD</subfield><subfield code="d">DLC</subfield><subfield code="d">NVF</subfield><subfield code="d">OCLCQ</subfield><subfield code="d">NSD</subfield><subfield code="d">OCLCQ</subfield><subfield code="d">NVF</subfield><subfield code="d">OCLCO</subfield><subfield code="d">OCLCF</subfield></datafield><datafield ind1=" " ind2=" " tag="012"><subfield code="m">d</subfield></datafield><datafield ind1="1" ind2=" " tag="022"><subfield code="a">0746-5203</subfield><subfield code="l">0746-5203</subfield><subfield code="2">1</subfield></datafield><datafield ind1="1" ind2=" " tag="029"><subfield code="a">AU@</subfield><subfield code="b">000020412676</subfield></datafield><datafield ind1=" " ind2=" " tag="042"><subfield code="a">nsdp</subfield><subfield code="a">pcc</subfield></datafield><datafield ind1="0" ind2=" " tag="130"><subfield code="a">Star (Homewood and Flossmoor, Ill. ed.)</subfield></datafield><datafield ind1=" " ind2="4" tag="222"><subfield code="a">The Star</subfield><subfield code="b">(Homewood and Flossmoor ed.)</subfield></datafield><datafield ind1="1" ind2="4" tag="245"><subfield code="a">The star.</subfield></datafield><datafield ind1="1" ind2="3" tag="246"><subfield code="a">Homewood Flossmoor star</subfield></datafield><datafield ind1=" " ind2=" " tag="250"><subfield code="a">Homewood and Flossmoor ed.</subfield></datafield><datafield ind1=" " ind2=" " tag="260"><subfield code="a">[Place of publication not identified] :</subfield><subfield code="b">[publisher not identified]</subfield></datafield><datafield ind1="3" ind2=" " tag="260"><subfield code="3">&lt;Dec. 3, 1992&gt;-&lt;&gt;</subfield><subfield code="a">Chicago Heights, Ill.</subfield></datafield><datafield ind1=" " ind2=" " tag="310"><subfield code="a">Semiweekly</subfield></datafield><datafield ind1=" " ind2=" " tag="500"><subfield code="a">"A Chicago Sun-Times Company Newspaper." Dec. 3, 1992 issue.</subfield></datafield><datafield ind1=" " ind2=" " tag="588"><subfield code="a">Description based on: Vol. 43, no. 42 (Oct. 16, 1983).</subfield></datafield><datafield ind1=" " ind2=" " tag="588"><subfield code="a">Latest issue consulted: Dec. 3, 1992.</subfield></datafield><datafield ind1=" " ind2="0" tag="651"><subfield code="a">Homewood (Ill.)</subfield><subfield code="v">Newspapers.</subfield></datafield><datafield ind1=" " ind2="0" tag="651"><subfield code="a">Flossmoor (Ill.)</subfield><subfield code="v">Newspapers.</subfield></datafield><datafield ind1=" " ind2="7" tag="655"><subfield code="a">Newspapers.</subfield><subfield code="2">fast</subfield><subfield code="0">(OCoLC)fst01423814</subfield></datafield><datafield ind1=" " ind2="7" tag="651"><subfield code="a">Illinois</subfield><subfield code="z">Flossmoor.</subfield><subfield code="2">fast</subfield><subfield code="0">(OCoLC)fst01226532</subfield></datafield><datafield ind1=" " ind2="7" tag="651"><subfield code="a">Illinois</subfield><subfield code="z">Homewood.</subfield><subfield code="2">fast</subfield><subfield code="0">(OCoLC)fst01224961</subfield></datafield><datafield ind1=" " ind2=" " tag="752"><subfield code="a">United States</subfield><subfield code="b">Illinois</subfield><subfield code="c">Cook County</subfield><subfield code="d">Chicago Heights.</subfield></datafield><datafield ind1="0" ind2="0" tag="780"><subfield code="t">Homewood-Flossmoor star</subfield></datafield><datafield ind1="0" ind2="4" tag="785"><subfield code="t">Southtown star</subfield><subfield code="x">1941-3483</subfield><subfield code="w">(DLC)  2008215567</subfield><subfield code="w">(OCoLC)190864351</subfield></datafield></record>